@article{roenneberg_2023,
  author  = "Roenneberg, Till",
  title   = "How can social jetlag affect health?",
  journal = "Nature Reviews Endocrinology",
  year    = "2023",
  volume  = "19",
  pages   = "383-384",
  doi     = "10.1038/s41574-023-00851-2"
}

@book{allen_1997,
  author    = "Michael Patrick Allen",
  title     = "Understanding regression analysis",
  publisher = "Plenum Press",
  year      = "1997",
  isbn      = "0-306-45648-6"
}

@book{degroot_2012,
  author    = "Morris H. DeGroot and Mark J. Schervish",
  title     = "Probability and statistics",
  publisher = "Pearson Education",
  year      = "2012",
  isbn      = "978-0-321-50046-5"
}

@book{frey_2022,
  author    = "Bruce B. Frey",
  title     = "The SAGE encyclopedia of research design",
  edition   = "2.",
  publisher = "Pearson Education",
  year      = "2012",
  doi       = "10.4135/9781071812082"
}

@article{wang_2020,
  author  = "J. Wang and Y. Dong",
  title   = "Measurement of text similarity: a survey",
  journal = "Information",
  year    = "2020",
  volume  = "11",
  number  = "9",
  pages   = "421",
  doi     = "10.3390/info11090421"
}
